@article{	MVVM,
		author = "Rovsing, Poul Ejner",
		title = "The Model-View-ViewModel Design Pattern",
		year = "2014",
		pages = "5-36",
}

@misc{PRISM,
 		 title = {Prism Event Aggregator},
  		howpublished = {\url{https://msdn.microsoft.com/en-us/library/ff921122.aspx}},
  		note = {Tilgået: 08/12-2015}
}

@misc{	TCPIP,
		title = {TCP/IP Protocol Architecture},
  		howpublished = {\url{https://technet.microsoft.com/en-us/library/cc958821.aspx}},
  		note = {Tilgået: 08/12-2015}
}

@misc{	ASYNC,
		author = "Thomas Levesque",
		title = "AsyncObservableCollection",
		howpublished = {\url{https://gist.github.com/thomaslevesque/10023516}},
		note = {Tilgået: 09/12-2015}
		year = "2013"
}

@misc{	ObsCol,
		title = {ObservableCollection<T> Class},
  		howpublished = {\url{https://msdn.microsoft.com/en-us/library/ms668604(v=vs.110).aspx}},
  		note = {Tilgået: 09/12-2015}
}

@misc{	TcpC,
		title = {TcpClient Class},
  		howpublished = {\url{https://msdn.microsoft.com/en-us/library/system.net.sockets.tcpclient(v=vs.110).aspx}},
  		note = {Tilgået: 09/12-2015}
}
