@misc{	Nunit,
		title = {NUnit unit-testing framwork},
  		howpublished = {\url{http://nunit.org/}},
  		note = {Set: 10/12-2015}
}

@misc{	dotCover,
		title = {dotCover Code Coverage Tool},
  		howpublished = {\url{https://www.jetbrains.com/dotcover/}},
  		note = {Set: 10/12-2015}
}

@misc{	NSubstitute,
		title = {NSubstitute .NET mocking framework},
  		howpublished = {\url{http://nsubstitute.github.io/}},
  		note = {Set: 10/12-2015}
}


@misc{	EF,
		title = {Entity Framework},
  		howpublished = {\url{https://msdn.microsoft.com/en-us/data/ef.aspx}},
  		note = {Set: 11/12-2015}
}

@misc{	ReSharper,
		title = {ReSharper},
  		howpublished = {\url{https://www.jetbrains.com/resharper/}},
  		note = {Set: 11/12-2015}
}

@misc{	EA,
		title = {Enterprise Architect},
  		howpublished = {\url{http://www.sparxsystems.com.au/products/ea/index.html}},
  		note = {Set: 11/12-2015}
}


@misc{	JetBrains,
		title = {JetBrains},
  		howpublished = {\url{https://www.jetbrains.com/}},
  		note = {Set: 11/12-2015}
}

@article{	MVVM,
		author = "Rovsing, Poul Ejner",
		title = "The Model-View-ViewModel Design Pattern",
		year = "2014",
		pages = "5-36",
}

@misc{PRISM,
 		 title = {Prism Library},
  		howpublished = {\url{https://msdn.microsoft.com/en-us/library/gg406140.aspx}},
  		note = {Tilgået: 14/12-2015}
}


@misc{	TCPIP,
		title = {TCP/IP Protocol Architecture},
  		howpublished = {\url{https://technet.microsoft.com/en-us/library/cc958821.aspx}},
  		note = {Tilgået: 08/12-2015}
}